<record xmlns='http://www.loc.gov/MARC21/slim'><leader>01295cim a22003492u 4500</leader><controlfield tag='001'>3601102</controlfield><controlfield tag='005'>20151214182801.0</controlfield><controlfield tag='007'>ss|lmnjluz|nuu</controlfield><controlfield tag='008'>991101s1984    nyunnn         l    eng d</controlfield><datafield ind1=' ' ind2=' ' tag='035'><subfield code='a'>(NIC)notisASF8167</subfield></datafield><datafield ind1=' ' ind2=' ' tag='035'><subfield code='a'>3601102</subfield></datafield><datafield ind1=' ' ind2=' ' tag='035'><subfield code='a'>(OCoLC)63897056</subfield></datafield><datafield ind1=' ' ind2=' ' tag='040'><subfield code='a'>NIC</subfield><subfield code='c'>NIC</subfield><subfield code='d'>NIC</subfield></datafield><datafield ind1='1' ind2=' ' tag='100'><subfield code='a'>Socolow, Sanford.</subfield></datafield><datafield ind1='1' ind2='0' tag='245'><subfield code='a'>Talk on what makes &quot;60 Minutes&quot; tick</subfield><subfield code='h'>[sound recording]</subfield></datafield><datafield ind1=' ' ind2=' ' tag='260'><subfield code='c'>1984.</subfield></datafield><datafield ind1=' ' ind2=' ' tag='300'><subfield code='a'>1 sound cassette (55 min.) :</subfield><subfield code='b'>analog, mono.</subfield></datafield><datafield ind1=' ' ind2=' ' tag='500'><subfield code='a'>Recorded in Ithaca, NY by Cornell University.</subfield></datafield><datafield ind1=' ' ind2=' ' tag='500'><subfield code='a'>Sponsored by: Sigma Delta Chi,Cornell Daily Sun,The Society of Professional Journalists.</subfield></datafield><datafield ind1=' ' ind2=' ' tag='518'><subfield code='a'>Lecture, November 7, 1984.</subfield></datafield><datafield ind1=' ' ind2=' ' tag='520'><subfield code='a'>Socolow chronicles the history of &quot;60 Minutes&quot;.</subfield></datafield><datafield ind1=' ' ind2=' ' tag='540'><subfield code='a'>No reproductions authorized.</subfield></datafield><datafield ind1=' ' ind2='0' tag='650'><subfield code='a'>Television programs</subfield><subfield code='x'>Reviews.</subfield></datafield><datafield ind1=' ' ind2='0' tag='650'><subfield code='a'>Documentary television programs.</subfield></datafield><datafield ind1=' ' ind2='0' tag='650'><subfield code='a'>Television broadcasting of news.</subfield></datafield><datafield ind1=' ' ind2='7' tag='650'><subfield code='a'>Documentary television programs</subfield><subfield code='2'>fast</subfield><subfield code='0'>(OCoLC)fst00896100</subfield></datafield><datafield ind1=' ' ind2='7' tag='650'><subfield code='a'>Television broadcasting of news</subfield><subfield code='2'>fast</subfield><subfield code='0'>(OCoLC)fst01146787</subfield></datafield><datafield ind1=' ' ind2='7' tag='650'><subfield code='a'>Television programs</subfield><subfield code='2'>fast</subfield><subfield code='0'>(OCoLC)fst01147026</subfield></datafield><datafield ind1=' ' ind2='7' tag='655'><subfield code='a'>Reviews</subfield><subfield code='2'>fast</subfield><subfield code='0'>(OCoLC)fst01423760</subfield></datafield><datafield ind1='1' ind2=' ' tag='899'><subfield code='a'>CULectures</subfield></datafield><datafield ind1=' ' ind2=' ' tag='905'><subfield code='a'>19991201120000.0</subfield></datafield><datafield ind1='2' ind2=' ' tag='948'><subfield code='a'>20141221</subfield><subfield code='b'>m</subfield><subfield code='d'>batch</subfield><subfield code='e'>lts</subfield><subfield code='x'>addfast</subfield></datafield></record>